<record><leader>00000cas a2200000 a 4500</leader><controlfield tag="001">51111859</controlfield><controlfield tag="008">021203d19851997iluwr ne      0   a0eng c</controlfield><datafield ind1=" " ind2=" " tag="010"><subfield code="a">sn2002060881</subfield></datafield><datafield ind1=" " ind2=" " tag="040"><subfield code="a">CVF</subfield><subfield code="b">eng</subfield><subfield code="c">CVF</subfield><subfield code="d">OCLCQ</subfield><subfield code="d">NVF</subfield><subfield code="d">OCLCF</subfield><subfield code="d">OCLCO</subfield></datafield><datafield ind1="1" ind2=" " tag="029"><subfield code="a">AU@</subfield><subfield code="b">000024293195</subfield></datafield><datafield ind1=" " ind2=" " tag="042"><subfield code="a">pcc</subfield></datafield><datafield ind1=" " ind2=" " tag="043"><subfield code="a">n-us-il</subfield></datafield><datafield ind1="0" ind2="0" tag="245"><subfield code="a">Antioch news-reporter.</subfield></datafield><datafield ind1="3" ind2=" " tag="246"><subfield code="a">Antioch news reporter</subfield></datafield><datafield ind1=" " ind2=" " tag="260"><subfield code="a">Antioch, Ill. :</subfield><subfield code="b">Lakeland Newspapers,</subfield><subfield code="c">1985-1997.</subfield></datafield><datafield ind1=" " ind2=" " tag="300"><subfield code="a">v.</subfield></datafield><datafield ind1=" " ind2=" " tag="310"><subfield code="a">Weekly</subfield></datafield><datafield ind1="0" ind2=" " tag="362"><subfield code="a">Vol. 99, no. 24 (June 12, 1985)-v. 112, no. 18 (May 2, 1997).</subfield></datafield><datafield ind1=" " ind2=" " tag="515"><subfield code="a">Assumes the numbering of final issue of Antioch news (Antioch, Ill. : 1891).</subfield></datafield><datafield ind1=" " ind2="0" tag="651"><subfield code="a">Antioch (Ill.)</subfield><subfield code="v">Newspapers.</subfield></datafield><datafield ind1=" " ind2="7" tag="655"><subfield code="a">Newspapers.</subfield><subfield code="2">fast</subfield><subfield code="0">(OCoLC)fst01423814</subfield></datafield><datafield ind1=" " ind2="7" tag="651"><subfield code="a">Illinois</subfield><subfield code="z">Antioch.</subfield><subfield code="2">fast</subfield><subfield code="0">(OCoLC)fst01258413</subfield></datafield><datafield ind1=" " ind2=" " tag="752"><subfield code="a">United States</subfield><subfield code="b">Illinois</subfield><subfield code="c">Lake</subfield><subfield code="d">Antioch.</subfield></datafield><datafield ind1="0" ind2="0" tag="780"><subfield code="t">Antioch reporter</subfield><subfield code="w">(DLC)sn2003060818</subfield><subfield code="w">(OCoLC)51983870</subfield></datafield><datafield ind1="0" ind2="0" tag="780"><subfield code="t">Antioch news (Antioch, Ill. : 1891)</subfield><subfield code="w">(DLC)sn 87082188</subfield><subfield code="w">(OCoLC)15200750</subfield></datafield><datafield ind1="0" ind2="0" tag="785"><subfield code="t">Antioch news (Antioch, Ill. : 1997)</subfield><subfield code="w">(DLC)sn2002060885</subfield><subfield code="w">(OCoLC)51112756</subfield></datafield></record>